 @article{widadi2020atmega328p,
  title={Atmega328P-based X-ray Machine Exposure Time Measurement Device with an Android Interface},
  author={Widadi, Sigit and Huda, Muhammad Khairul and Ahmad, Irfan and others},
  journal={Journal of Robotics and Control (JRC)},
  volume={1},
  number={3},
  pages={81--85},
  year={2020}
}

@inproceedings{sandilya2018design,
  title={Design for a programmable alarm clock using alphanumeric display (PACAD)},
  author={Sandilya, Kambhampati Sai and Eswari, Maragatha and Remadevi, Geethu and Bini, B and Madhavan, Avani},
  booktitle={2018 IEEE international conference on computational intelligence and computing research (ICCIC)},
  pages={1--4},
  year={2018},
  organization={IEEE}
}



